<record><leader>00000cas a22000007a 4500</leader><controlfield tag="001">23118126</controlfield><controlfield tag="008">910219d19301930couwr ne      0    0eng d</controlfield><datafield ind1=" " ind2=" " tag="010"><subfield code="a">sn 91052126 </subfield></datafield><datafield ind1=" " ind2=" " tag="040"><subfield code="a">CNQ</subfield><subfield code="b">eng</subfield><subfield code="c">CNQ</subfield><subfield code="d">OCLCQ</subfield></datafield><datafield ind1=" " ind2=" " tag="042"><subfield code="a">msc</subfield></datafield><datafield ind1="0" ind2="0" tag="245"><subfield code="a">Mountain and plains weekly (and Larimer County independent).</subfield></datafield><datafield ind1="1" ind2="7" tag="246"><subfield code="a">Mountain and plains farmer</subfield></datafield><datafield ind1="1" ind2="3" tag="246"><subfield code="a">Mountain and plains farmer and Larimer County independent</subfield></datafield><datafield ind1=" " ind2=" " tag="260"><subfield code="a">Fort Collins [Colo.] :</subfield><subfield code="b">Fort Collins Pub. Co.</subfield></datafield><datafield ind1=" " ind2=" " tag="300"><subfield code="a">v.</subfield></datafield><datafield ind1=" " ind2=" " tag="310"><subfield code="a">Weekly</subfield></datafield><datafield ind1="0" ind2=" " tag="362"><subfield code="a">Vol. 10, no. 12 (Feb. 28, 1930)-v. 10, no. 31 (July 11, 1930).</subfield></datafield><datafield ind1=" " ind2=" " tag="530"><subfield code="a">Available on microfilm from the Colorado Historical Society.</subfield></datafield><datafield ind1=" " ind2=" " tag="752"><subfield code="a">United States</subfield><subfield code="b">Colorado</subfield><subfield code="c">Larimer</subfield><subfield code="d">Fort Collins.</subfield></datafield><datafield ind1="0" ind2="0" tag="780"><subfield code="t">Mountain and plains farmer and the Larimer County independent</subfield><subfield code="w">(DLC)sn 91052127</subfield></datafield><datafield ind1="0" ind2="0" tag="785"><subfield code="t">Fort Collins mountain and plains weekly (and Larimer County independent)</subfield><subfield code="w">(DLC)sn 91052125</subfield></datafield></record>